<record><leader>00000cas a22000007a 4500</leader><controlfield tag="001">14075040</controlfield><controlfield tag="008">860811d1859186utxuwr ne      0    0eng d</controlfield><datafield ind1=" " ind2=" " tag="010"><subfield code="a">sn 86089027 </subfield></datafield><datafield ind1=" " ind2=" " tag="040"><subfield code="a">PPM</subfield><subfield code="b">eng</subfield><subfield code="c">PPM</subfield><subfield code="d">OCLCQ</subfield></datafield><datafield ind1=" " ind2=" " tag="042"><subfield code="a">msc</subfield></datafield><datafield ind1="0" ind2="4" tag="245"><subfield code="a">The Navarro express.</subfield></datafield><datafield ind1=" " ind2=" " tag="260"><subfield code="a">Corsicana, Tex. :</subfield><subfield code="b">R.A. Van Horn,</subfield><subfield code="c">1859-</subfield></datafield><datafield ind1=" " ind2=" " tag="300"><subfield code="a">v. :</subfield><subfield code="b">ill. ;</subfield><subfield code="c">54 cm.</subfield></datafield><datafield ind1=" " ind2=" " tag="310"><subfield code="a">Weekly</subfield></datafield><datafield ind1="0" ind2=" " tag="362"><subfield code="a">Vol. 1, no. 1 (Oct. 29, 1859)-</subfield></datafield><datafield ind1=" " ind2=" " tag="500"><subfield code="a">Publishers: R.A. Van Horn, 1860-1861; J.C. Trimble, 1863-1864.</subfield></datafield><datafield ind1=" " ind2=" " tag="515"><subfield code="a">Vol. 2, no. 52 (Nov. 21, 1861) states that the Navarro express will "suspend publication."</subfield></datafield><datafield ind1=" " ind2=" " tag="530"><subfield code="a">Also on microfilm: Austin, Texas: The University of Texas, Center for American History.</subfield></datafield><datafield ind1=" " ind2=" " tag="752"><subfield code="a">United States</subfield><subfield code="b">Texas</subfield><subfield code="c">Navarro</subfield><subfield code="d">Corsicana.</subfield></datafield></record>